<record><leader>00000cas a22000007a 4500</leader><controlfield tag="001">41189468</controlfield><controlfield tag="008">990417c19989999inuwr ne      0    0eng d</controlfield><datafield ind1=" " ind2=" " tag="010"><subfield code="a">sn 98063105 </subfield></datafield><datafield ind1=" " ind2=" " tag="040"><subfield code="a">NPI</subfield><subfield code="b">eng</subfield><subfield code="c">NPI</subfield><subfield code="d">OCLCF</subfield><subfield code="d">OCLCO</subfield></datafield><datafield ind1=" " ind2=" " tag="042"><subfield code="a">msc</subfield></datafield><datafield ind1=" " ind2=" " tag="043"><subfield code="a">n-us-in</subfield></datafield><datafield ind1="0" ind2=" " tag="130"><subfield code="a">Zionsville times sentinel (Zionsville, Ind. : 1998)</subfield></datafield><datafield ind1="0" ind2="0" tag="245"><subfield code="a">Zionsville times sentinel.</subfield></datafield><datafield ind1=" " ind2=" " tag="260"><subfield code="a">Zionsville, IN :</subfield><subfield code="b">Thomson Newspapers,</subfield><subfield code="c">c1998-</subfield></datafield><datafield ind1=" " ind2=" " tag="300"><subfield code="a">v. :</subfield><subfield code="b">ill. ;</subfield><subfield code="c">58 cm.</subfield></datafield><datafield ind1=" " ind2=" " tag="310"><subfield code="a">Weekly</subfield></datafield><datafield ind1="0" ind2=" " tag="362"><subfield code="a">Aug. 5, 1998-</subfield></datafield><datafield ind1=" " ind2="0" tag="651"><subfield code="a">Zionsville (Ind.)</subfield><subfield code="v">Newspapers.</subfield></datafield><datafield ind1=" " ind2="0" tag="651"><subfield code="a">Boone County (Ind.)</subfield><subfield code="v">Newspapers.</subfield></datafield><datafield ind1=" " ind2="7" tag="655"><subfield code="a">Newspapers.</subfield><subfield code="2">fast</subfield><subfield code="0">(OCoLC)fst01423814</subfield></datafield><datafield ind1=" " ind2="7" tag="651"><subfield code="a">Indiana</subfield><subfield code="z">Boone County.</subfield><subfield code="2">fast</subfield><subfield code="0">(OCoLC)fst01216956</subfield></datafield><datafield ind1=" " ind2="7" tag="651"><subfield code="a">Indiana</subfield><subfield code="z">Zionsville.</subfield><subfield code="2">fast</subfield><subfield code="0">(OCoLC)fst01205446</subfield></datafield><datafield ind1=" " ind2=" " tag="752"><subfield code="a">United States</subfield><subfield code="b">Indiana</subfield><subfield code="c">Boone</subfield><subfield code="d">Zionsville.</subfield></datafield><datafield ind1="0" ind2="0" tag="780"><subfield code="t">Times sentinel (Zionsville, Ind.)</subfield><subfield code="w">(DLC)sn 93049012</subfield></datafield></record>